@article{kamvar2004adaptive,
  title={Adaptive methods for the computation of PageRank},
  author={Kamvar, Sepandar and Haveliwala, Taher and Golub, Gene},
  journal={Linear Algebra and its Applications},
  volume={386},
  pages={51--65},
  year={2004},
  publisher={Elsevier}
}
